<record xmlns='http://www.loc.gov/MARC21/slim'><leader>02018cas a2200445 a 4500</leader><controlfield tag='001'>2208462</controlfield><controlfield tag='005'>20180827174208.0</controlfield><controlfield tag='008'>830908d19831988enkqr p       0   a0eng d</controlfield><datafield ind1=' ' ind2=' ' tag='010'><subfield code='a'>85644792</subfield><subfield code='z'>sn 84010075</subfield></datafield><datafield ind1='1' ind2=' ' tag='019'><subfield code='a'>2660014</subfield></datafield><datafield ind1=' ' ind2=' ' tag='022'><subfield code='a'>0263-7146</subfield></datafield><datafield ind1=' ' ind2=' ' tag='030'><subfield code='a'>MEMAEM</subfield></datafield><datafield ind1=' ' ind2=' ' tag='035'><subfield code='9'>(AuCNLDY)585212</subfield></datafield><datafield ind1=' ' ind2=' ' tag='035'><subfield code='a'>2208462</subfield></datafield><datafield ind1=' ' ind2=' ' tag='037'><subfield code='b'>Mechanical Engineering Publications, P.O. Box 24, Northgate Ave., Bury St Edmunds, Suffolk IP32 6BW, England</subfield></datafield><datafield ind1=' ' ind2=' ' tag='040'><subfield code='a'>LC</subfield><subfield code='b'>eng</subfield><subfield code='c'>LC</subfield></datafield><datafield ind1=' ' ind2=' ' tag='042'><subfield code='a'>lc</subfield></datafield><datafield ind1='0' ind2='0' tag='050'><subfield code='a'>TJ1</subfield><subfield code='b'>.P862</subfield></datafield><datafield ind1='0' ind2='4' tag='082'><subfield code='a'>621/.05</subfield><subfield code='2'>19</subfield></datafield><datafield ind1='0' ind2=' ' tag='210'><subfield code='a'>Proc. Inst. Mech. Eng. B</subfield></datafield><datafield ind1=' ' ind2='0' tag='222'><subfield code='a'>Proceedings of the Institution of Mechanical Engineers. Part B, Management and engineering manufacture</subfield></datafield><datafield ind1='0' ind2='0' tag='245'><subfield code='a'>Proceedings of the Institution of Mechanical Engineers.</subfield><subfield code='n'>Part B,</subfield><subfield code='p'>Management and engineering manufacture.</subfield></datafield><datafield ind1='3' ind2='0' tag='246'><subfield code='a'>Management and engineering manufacture</subfield></datafield><datafield ind1=' ' ind2=' ' tag='260'><subfield code='a'>[London ;</subfield><subfield code='a'>Birmingham, Ala. :</subfield><subfield code='b'>Mechanical Engineering Publications],</subfield><subfield code='c'>1983-1988.</subfield></datafield><datafield ind1=' ' ind2=' ' tag='300'><subfield code='a'>v. :</subfield><subfield code='b'>ill. ;</subfield><subfield code='c'>30 cm.</subfield></datafield><datafield ind1=' ' ind2=' ' tag='310'><subfield code='a'>Quarterly</subfield></datafield><datafield ind1='0' ind2=' ' tag='362'><subfield code='a'>Vol. 197 (Feb. 1983)-v. 202, no. B4 (1988)</subfield></datafield><datafield ind1=' ' ind2=' ' tag='500'><subfield code='a'>Title from cover.</subfield></datafield><datafield ind1=' ' ind2=' ' tag='515'><subfield code='a'>Issues for 1984-1988 designated by vol. and no. and year.</subfield></datafield><datafield ind1=' ' ind2=' ' tag='515'><subfield code='a'>Issue numbering for v. 198 (1984) rotates among the four parts, e.g., Part B includes no. 2, 6, 10, 14.</subfield></datafield><datafield ind1=' ' ind2=' ' tag='515'><subfield code='a'>Issues for v. 199 (1985)-202 (1988) designated no. B1-B4 within each volume.</subfield></datafield><datafield ind1=' ' ind2='0' tag='650'><subfield code='a'>Mechanical engineering</subfield><subfield code='x'>Congresses.</subfield></datafield><datafield ind1=' ' ind2='0' tag='650'><subfield code='a'>Mechanical engineering</subfield><subfield code='v'>Periodicals.</subfield></datafield><datafield ind1=' ' ind2='0' tag='650'><subfield code='a'>Engineering</subfield><subfield code='x'>Management</subfield><subfield code='x'>Congresses.</subfield></datafield><datafield ind1=' ' ind2='0' tag='650'><subfield code='a'>Engineering</subfield><subfield code='x'>Management</subfield><subfield code='x'>Periodicals.</subfield></datafield><datafield ind1=' ' ind2='0' tag='650'><subfield code='a'>Manufacturing processes</subfield><subfield code='x'>Congresses.</subfield></datafield><datafield ind1=' ' ind2='0' tag='650'><subfield code='a'>Manufacturing processes</subfield><subfield code='x'>Periodicals.</subfield></datafield><datafield ind1='2' ind2=' ' tag='710'><subfield code='a'>Institution of Mechanical Engineers (Great Britain)</subfield></datafield><datafield ind1='0' ind2='1' tag='780'><subfield code='t'>Proceedings of the Institution of Mechanical Engineers</subfield><subfield code='w'>(DLC)   85644280</subfield><subfield code='w'>(OCoLC)11120352</subfield></datafield><datafield ind1='0' ind2='0' tag='785'><subfield code='t'>Proceedings of the Institution of Mechanical Engineers. Part B, Journal of engineering manufacture</subfield><subfield code='x'>0954-4054</subfield></datafield></record>